%YAML 1.1
%TAG !u! tag:unity3d.com,2011:
--- !u!1 &3645973815342297296
GameObject:
  m_ObjectHideFlags: 0
  m_CorrespondingSourceObject: {fileID: 0}
  m_PrefabInstance: {fileID: 0}
  m_PrefabAsset: {fileID: 0}
  serializedVersion: 6
  m_Component:
  - component: {fileID: 2163537632605634849}
  m_Layer: 0
  m_Name: Pivot
  m_TagString: Untagged
  m_Icon: {fileID: 0}
  m_NavMeshLayer: 0
  m_StaticEditorFlags: 0
  m_IsActive: 1
--- !u!4 &2163537632605634849
Transform:
  m_ObjectHideFlags: 0
  m_CorrespondingSourceObject: {fileID: 0}
  m_PrefabInstance: {fileID: 0}
  m_PrefabAsset: {fileID: 0}
  m_GameObject: {fileID: 3645973815342297296}
  m_LocalRotation: {x: 0, y: 0, z: 0, w: 1}
  m_LocalPosition: {x: 0, y: 0, z: 0}
  m_LocalScale: {x: 1, y: 1, z: 1}
  m_Children: []
  m_Father: {fileID: 7852908145687022497}
  m_RootOrder: 4
  m_LocalEulerAnglesHint: {x: 0, y: 0, z: 0}
--- !u!1 &9145181110114018808
GameObject:
  m_ObjectHideFlags: 0
  m_CorrespondingSourceObject: {fileID: 0}
  m_PrefabInstance: {fileID: 0}
  m_PrefabAsset: {fileID: 0}
  serializedVersion: 6
  m_Component:
  - component: {fileID: 7852908145687022497}
  - component: {fileID: 4696882344097037473}
  m_Layer: 0
  m_Name: Figure_l
  m_TagString: Untagged
  m_Icon: {fileID: 0}
  m_NavMeshLayer: 0
  m_StaticEditorFlags: 0
  m_IsActive: 1
--- !u!4 &7852908145687022497
Transform:
  m_ObjectHideFlags: 0
  m_CorrespondingSourceObject: {fileID: 0}
  m_PrefabInstance: {fileID: 0}
  m_PrefabAsset: {fileID: 0}
  m_GameObject: {fileID: 9145181110114018808}
  m_LocalRotation: {x: 0, y: 0, z: 0, w: 1}
  m_LocalPosition: {x: 0, y: 0, z: 0}
  m_LocalScale: {x: 1, y: 1, z: 1}
  m_Children:
  - {fileID: 2400597469778797908}
  - {fileID: 7406674939888572672}
  - {fileID: 1814560486963908}
  - {fileID: 5998068678851330769}
  - {fileID: 2163537632605634849}
  m_Father: {fileID: 0}
  m_RootOrder: 0
  m_LocalEulerAnglesHint: {x: 0, y: 0, z: 0}
--- !u!114 &4696882344097037473
MonoBehaviour:
  m_ObjectHideFlags: 0
  m_CorrespondingSourceObject: {fileID: 0}
  m_PrefabInstance: {fileID: 0}
  m_PrefabAsset: {fileID: 0}
  m_GameObject: {fileID: 9145181110114018808}
  m_Enabled: 1
  m_EditorHideFlags: 0
  m_Script: {fileID: 11500000, guid: e604aa103f6e071418b2bd8de58efc45, type: 3}
  m_Name: 
  m_EditorClassIdentifier: 
  normalStepTime: 0
--- !u!1001 &79931665679076456
PrefabInstance:
  m_ObjectHideFlags: 0
  serializedVersion: 2
  m_Modification:
    m_TransformParent: {fileID: 7852908145687022497}
    m_Modifications:
    - target: {fileID: 6164763171119671904, guid: c59609570b2f0ec4a9ed6f1df9b414f4,
        type: 3}
      propertyPath: m_Name
      value: Brick (3)
      objectReference: {fileID: 0}
    - target: {fileID: 5919580122252299961, guid: c59609570b2f0ec4a9ed6f1df9b414f4,
        type: 3}
      propertyPath: m_LocalPosition.x
      value: 0
      objectReference: {fileID: 0}
    - target: {fileID: 5919580122252299961, guid: c59609570b2f0ec4a9ed6f1df9b414f4,
        type: 3}
      propertyPath: m_LocalPosition.y
      value: -1
      objectReference: {fileID: 0}
    - target: {fileID: 5919580122252299961, guid: c59609570b2f0ec4a9ed6f1df9b414f4,
        type: 3}
      propertyPath: m_LocalPosition.z
      value: 0
      objectReference: {fileID: 0}
    - target: {fileID: 5919580122252299961, guid: c59609570b2f0ec4a9ed6f1df9b414f4,
        type: 3}
      propertyPath: m_LocalRotation.x
      value: 0
      objectReference: {fileID: 0}
    - target: {fileID: 5919580122252299961, guid: c59609570b2f0ec4a9ed6f1df9b414f4,
        type: 3}
      propertyPath: m_LocalRotation.y
      value: 0
      objectReference: {fileID: 0}
    - target: {fileID: 5919580122252299961, guid: c59609570b2f0ec4a9ed6f1df9b414f4,
        type: 3}
      propertyPath: m_LocalRotation.z
      value: 0
      objectReference: {fileID: 0}
    - target: {fileID: 5919580122252299961, guid: c59609570b2f0ec4a9ed6f1df9b414f4,
        type: 3}
      propertyPath: m_LocalRotation.w
      value: 1
      objectReference: {fileID: 0}
    - target: {fileID: 5919580122252299961, guid: c59609570b2f0ec4a9ed6f1df9b414f4,
        type: 3}
      propertyPath: m_RootOrder
      value: 3
      objectReference: {fileID: 0}
    - target: {fileID: 5919580122252299961, guid: c59609570b2f0ec4a9ed6f1df9b414f4,
        type: 3}
      propertyPath: m_LocalEulerAnglesHint.x
      value: 0
      objectReference: {fileID: 0}
    - target: {fileID: 5919580122252299961, guid: c59609570b2f0ec4a9ed6f1df9b414f4,
        type: 3}
      propertyPath: m_LocalEulerAnglesHint.y
      value: 0
      objectReference: {fileID: 0}
    - target: {fileID: 5919580122252299961, guid: c59609570b2f0ec4a9ed6f1df9b414f4,
        type: 3}
      propertyPath: m_LocalEulerAnglesHint.z
      value: 0
      objectReference: {fileID: 0}
    m_RemovedComponents: []
  m_SourcePrefab: {fileID: 100100000, guid: c59609570b2f0ec4a9ed6f1df9b414f4, type: 3}
--- !u!4 &5998068678851330769 stripped
Transform:
  m_CorrespondingSourceObject: {fileID: 5919580122252299961, guid: c59609570b2f0ec4a9ed6f1df9b414f4,
    type: 3}
  m_PrefabInstance: {fileID: 79931665679076456}
  m_PrefabAsset: {fileID: 0}
--- !u!1001 &3814365676388702137
PrefabInstance:
  m_ObjectHideFlags: 0
  serializedVersion: 2
  m_Modification:
    m_TransformParent: {fileID: 7852908145687022497}
    m_Modifications:
    - target: {fileID: 6164763171119671904, guid: c59609570b2f0ec4a9ed6f1df9b414f4,
        type: 3}
      propertyPath: m_Name
      value: Brick (1)
      objectReference: {fileID: 0}
    - target: {fileID: 5919580122252299961, guid: c59609570b2f0ec4a9ed6f1df9b414f4,
        type: 3}
      propertyPath: m_LocalPosition.x
      value: 1
      objectReference: {fileID: 0}
    - target: {fileID: 5919580122252299961, guid: c59609570b2f0ec4a9ed6f1df9b414f4,
        type: 3}
      propertyPath: m_LocalPosition.y
      value: 0
      objectReference: {fileID: 0}
    - target: {fileID: 5919580122252299961, guid: c59609570b2f0ec4a9ed6f1df9b414f4,
        type: 3}
      propertyPath: m_LocalPosition.z
      value: 0
      objectReference: {fileID: 0}
    - target: {fileID: 5919580122252299961, guid: c59609570b2f0ec4a9ed6f1df9b414f4,
        type: 3}
      propertyPath: m_LocalRotation.x
      value: 0
      objectReference: {fileID: 0}
    - target: {fileID: 5919580122252299961, guid: c59609570b2f0ec4a9ed6f1df9b414f4,
        type: 3}
      propertyPath: m_LocalRotation.y
      value: 0
      objectReference: {fileID: 0}
    - target: {fileID: 5919580122252299961, guid: c59609570b2f0ec4a9ed6f1df9b414f4,
        type: 3}
      propertyPath: m_LocalRotation.z
      value: 0
      objectReference: {fileID: 0}
    - target: {fileID: 5919580122252299961, guid: c59609570b2f0ec4a9ed6f1df9b414f4,
        type: 3}
      propertyPath: m_LocalRotation.w
      value: 1
      objectReference: {fileID: 0}
    - target: {fileID: 5919580122252299961, guid: c59609570b2f0ec4a9ed6f1df9b414f4,
        type: 3}
      propertyPath: m_RootOrder
      value: 1
      objectReference: {fileID: 0}
    - target: {fileID: 5919580122252299961, guid: c59609570b2f0ec4a9ed6f1df9b414f4,
        type: 3}
      propertyPath: m_LocalEulerAnglesHint.x
      value: 0
      objectReference: {fileID: 0}
    - target: {fileID: 5919580122252299961, guid: c59609570b2f0ec4a9ed6f1df9b414f4,
        type: 3}
      propertyPath: m_LocalEulerAnglesHint.y
      value: 0
      objectReference: {fileID: 0}
    - target: {fileID: 5919580122252299961, guid: c59609570b2f0ec4a9ed6f1df9b414f4,
        type: 3}
      propertyPath: m_LocalEulerAnglesHint.z
      value: 0
      objectReference: {fileID: 0}
    m_RemovedComponents: []
  m_SourcePrefab: {fileID: 100100000, guid: c59609570b2f0ec4a9ed6f1df9b414f4, type: 3}
--- !u!4 &7406674939888572672 stripped
Transform:
  m_CorrespondingSourceObject: {fileID: 5919580122252299961, guid: c59609570b2f0ec4a9ed6f1df9b414f4,
    type: 3}
  m_PrefabInstance: {fileID: 3814365676388702137}
  m_PrefabAsset: {fileID: 0}
--- !u!1001 &5917976850842285181
PrefabInstance:
  m_ObjectHideFlags: 0
  serializedVersion: 2
  m_Modification:
    m_TransformParent: {fileID: 7852908145687022497}
    m_Modifications:
    - target: {fileID: 6164763171119671904, guid: c59609570b2f0ec4a9ed6f1df9b414f4,
        type: 3}
      propertyPath: m_Name
      value: Brick (2)
      objectReference: {fileID: 0}
    - target: {fileID: 5919580122252299961, guid: c59609570b2f0ec4a9ed6f1df9b414f4,
        type: 3}
      propertyPath: m_LocalPosition.x
      value: 1
      objectReference: {fileID: 0}
    - target: {fileID: 5919580122252299961, guid: c59609570b2f0ec4a9ed6f1df9b414f4,
        type: 3}
      propertyPath: m_LocalPosition.y
      value: -1
      objectReference: {fileID: 0}
    - target: {fileID: 5919580122252299961, guid: c59609570b2f0ec4a9ed6f1df9b414f4,
        type: 3}
      propertyPath: m_LocalPosition.z
      value: 0
      objectReference: {fileID: 0}
    - target: {fileID: 5919580122252299961, guid: c59609570b2f0ec4a9ed6f1df9b414f4,
        type: 3}
      propertyPath: m_LocalRotation.x
      value: 0
      objectReference: {fileID: 0}
    - target: {fileID: 5919580122252299961, guid: c59609570b2f0ec4a9ed6f1df9b414f4,
        type: 3}
      propertyPath: m_LocalRotation.y
      value: 0
      objectReference: {fileID: 0}
    - target: {fileID: 5919580122252299961, guid: c59609570b2f0ec4a9ed6f1df9b414f4,
        type: 3}
      propertyPath: m_LocalRotation.z
      value: 0
      objectReference: {fileID: 0}
    - target: {fileID: 5919580122252299961, guid: c59609570b2f0ec4a9ed6f1df9b414f4,
        type: 3}
      propertyPath: m_LocalRotation.w
      value: 1
      objectReference: {fileID: 0}
    - target: {fileID: 5919580122252299961, guid: c59609570b2f0ec4a9ed6f1df9b414f4,
        type: 3}
      propertyPath: m_RootOrder
      value: 2
      objectReference: {fileID: 0}
    - target: {fileID: 5919580122252299961, guid: c59609570b2f0ec4a9ed6f1df9b414f4,
        type: 3}
      propertyPath: m_LocalEulerAnglesHint.x
      value: 0
      objectReference: {fileID: 0}
    - target: {fileID: 5919580122252299961, guid: c59609570b2f0ec4a9ed6f1df9b414f4,
        type: 3}
      propertyPath: m_LocalEulerAnglesHint.y
      value: 0
      objectReference: {fileID: 0}
    - target: {fileID: 5919580122252299961, guid: c59609570b2f0ec4a9ed6f1df9b414f4,
        type: 3}
      propertyPath: m_LocalEulerAnglesHint.z
      value: 0
      objectReference: {fileID: 0}
    m_RemovedComponents: []
  m_SourcePrefab: {fileID: 100100000, guid: c59609570b2f0ec4a9ed6f1df9b414f4, type: 3}
--- !u!4 &1814560486963908 stripped
Transform:
  m_CorrespondingSourceObject: {fileID: 5919580122252299961, guid: c59609570b2f0ec4a9ed6f1df9b414f4,
    type: 3}
  m_PrefabInstance: {fileID: 5917976850842285181}
  m_PrefabAsset: {fileID: 0}
--- !u!1001 &8319890602239077357
PrefabInstance:
  m_ObjectHideFlags: 0
  serializedVersion: 2
  m_Modification:
    m_TransformParent: {fileID: 7852908145687022497}
    m_Modifications:
    - target: {fileID: 6164763171119671904, guid: c59609570b2f0ec4a9ed6f1df9b414f4,
        type: 3}
      propertyPath: m_Name
      value: Brick
      objectReference: {fileID: 0}
    - target: {fileID: 5919580122252299961, guid: c59609570b2f0ec4a9ed6f1df9b414f4,
        type: 3}
      propertyPath: m_LocalPosition.x
      value: -1
      objectReference: {fileID: 0}
    - target: {fileID: 5919580122252299961, guid: c59609570b2f0ec4a9ed6f1df9b414f4,
        type: 3}
      propertyPath: m_LocalPosition.y
      value: -1
      objectReference: {fileID: 0}
    - target: {fileID: 5919580122252299961, guid: c59609570b2f0ec4a9ed6f1df9b414f4,
        type: 3}
      propertyPath: m_LocalPosition.z
      value: 0
      objectReference: {fileID: 0}
    - target: {fileID: 5919580122252299961, guid: c59609570b2f0ec4a9ed6f1df9b414f4,
        type: 3}
      propertyPath: m_LocalRotation.x
      value: 0
      objectReference: {fileID: 0}
    - target: {fileID: 5919580122252299961, guid: c59609570b2f0ec4a9ed6f1df9b414f4,
        type: 3}
      propertyPath: m_LocalRotation.y
      value: 0
      objectReference: {fileID: 0}
    - target: {fileID: 5919580122252299961, guid: c59609570b2f0ec4a9ed6f1df9b414f4,
        type: 3}
      propertyPath: m_LocalRotation.z
      value: 0
      objectReference: {fileID: 0}
    - target: {fileID: 5919580122252299961, guid: c59609570b2f0ec4a9ed6f1df9b414f4,
        type: 3}
      propertyPath: m_LocalRotation.w
      value: 1
      objectReference: {fileID: 0}
    - target: {fileID: 5919580122252299961, guid: c59609570b2f0ec4a9ed6f1df9b414f4,
        type: 3}
      propertyPath: m_RootOrder
      value: 0
      objectReference: {fileID: 0}
    - target: {fileID: 5919580122252299961, guid: c59609570b2f0ec4a9ed6f1df9b414f4,
        type: 3}
      propertyPath: m_LocalEulerAnglesHint.x
      value: 0
      objectReference: {fileID: 0}
    - target: {fileID: 5919580122252299961, guid: c59609570b2f0ec4a9ed6f1df9b414f4,
        type: 3}
      propertyPath: m_LocalEulerAnglesHint.y
      value: 0
      objectReference: {fileID: 0}
    - target: {fileID: 5919580122252299961, guid: c59609570b2f0ec4a9ed6f1df9b414f4,
        type: 3}
      propertyPath: m_LocalEulerAnglesHint.z
      value: 0
      objectReference: {fileID: 0}
    m_RemovedComponents: []
  m_SourcePrefab: {fileID: 100100000, guid: c59609570b2f0ec4a9ed6f1df9b414f4, type: 3}
--- !u!4 &2400597469778797908 stripped
Transform:
  m_CorrespondingSourceObject: {fileID: 5919580122252299961, guid: c59609570b2f0ec4a9ed6f1df9b414f4,
    type: 3}
  m_PrefabInstance: {fileID: 8319890602239077357}
  m_PrefabAsset: {fileID: 0}
