%YAML 1.1
%TAG !u! tag:unity3d.com,2011:
--- !u!1 &8502847276395294433
GameObject:
  m_ObjectHideFlags: 0
  m_CorrespondingSourceObject: {fileID: 0}
  m_PrefabInstance: {fileID: 0}
  m_PrefabAsset: {fileID: 0}
  serializedVersion: 6
  m_Component:
  - component: {fileID: 4810340528755934680}
  m_Layer: 0
  m_Name: Pivot
  m_TagString: Untagged
  m_Icon: {fileID: 0}
  m_NavMeshLayer: 0
  m_StaticEditorFlags: 0
  m_IsActive: 1
--- !u!4 &4810340528755934680
Transform:
  m_ObjectHideFlags: 0
  m_CorrespondingSourceObject: {fileID: 0}
  m_PrefabInstance: {fileID: 0}
  m_PrefabAsset: {fileID: 0}
  m_GameObject: {fileID: 8502847276395294433}
  m_LocalRotation: {x: -0, y: -0, z: -0, w: 1}
  m_LocalPosition: {x: 0, y: 0, z: 0}
  m_LocalScale: {x: 1, y: 1, z: 1}
  m_Children: []
  m_Father: {fileID: 756910749238265308}
  m_RootOrder: 4
  m_LocalEulerAnglesHint: {x: 0, y: 0, z: 0}
--- !u!1 &8848581622845649077
GameObject:
  m_ObjectHideFlags: 0
  m_CorrespondingSourceObject: {fileID: 0}
  m_PrefabInstance: {fileID: 0}
  m_PrefabAsset: {fileID: 0}
  serializedVersion: 6
  m_Component:
  - component: {fileID: 756910749238265308}
  - component: {fileID: 6810297205650778702}
  m_Layer: 0
  m_Name: Figure_i
  m_TagString: Untagged
  m_Icon: {fileID: 0}
  m_NavMeshLayer: 0
  m_StaticEditorFlags: 0
  m_IsActive: 1
--- !u!4 &756910749238265308
Transform:
  m_ObjectHideFlags: 0
  m_CorrespondingSourceObject: {fileID: 0}
  m_PrefabInstance: {fileID: 0}
  m_PrefabAsset: {fileID: 0}
  m_GameObject: {fileID: 8848581622845649077}
  m_LocalRotation: {x: 0, y: 0, z: 0, w: 1}
  m_LocalPosition: {x: 0, y: 0, z: 0}
  m_LocalScale: {x: 1, y: 1, z: 1}
  m_Children:
  - {fileID: 3299344366523245657}
  - {fileID: 3503946524810565705}
  - {fileID: 7015350974538497364}
  - {fileID: 6486214870407005590}
  - {fileID: 4810340528755934680}
  m_Father: {fileID: 0}
  m_RootOrder: 0
  m_LocalEulerAnglesHint: {x: 0, y: 0, z: 0}
--- !u!114 &6810297205650778702
MonoBehaviour:
  m_ObjectHideFlags: 0
  m_CorrespondingSourceObject: {fileID: 0}
  m_PrefabInstance: {fileID: 0}
  m_PrefabAsset: {fileID: 0}
  m_GameObject: {fileID: 8848581622845649077}
  m_Enabled: 1
  m_EditorHideFlags: 0
  m_Script: {fileID: 11500000, guid: e604aa103f6e071418b2bd8de58efc45, type: 3}
  m_Name: 
  m_EditorClassIdentifier: 
  normalStepTime: 0
--- !u!1001 &586937780118522671
PrefabInstance:
  m_ObjectHideFlags: 0
  serializedVersion: 2
  m_Modification:
    m_TransformParent: {fileID: 756910749238265308}
    m_Modifications:
    - target: {fileID: 6164763171119671904, guid: c59609570b2f0ec4a9ed6f1df9b414f4,
        type: 3}
      propertyPath: m_Name
      value: Brick (3)
      objectReference: {fileID: 0}
    - target: {fileID: 5919580122252299961, guid: c59609570b2f0ec4a9ed6f1df9b414f4,
        type: 3}
      propertyPath: m_LocalPosition.x
      value: -1
      objectReference: {fileID: 0}
    - target: {fileID: 5919580122252299961, guid: c59609570b2f0ec4a9ed6f1df9b414f4,
        type: 3}
      propertyPath: m_LocalPosition.y
      value: 0
      objectReference: {fileID: 0}
    - target: {fileID: 5919580122252299961, guid: c59609570b2f0ec4a9ed6f1df9b414f4,
        type: 3}
      propertyPath: m_LocalPosition.z
      value: 0
      objectReference: {fileID: 0}
    - target: {fileID: 5919580122252299961, guid: c59609570b2f0ec4a9ed6f1df9b414f4,
        type: 3}
      propertyPath: m_LocalRotation.x
      value: 0
      objectReference: {fileID: 0}
    - target: {fileID: 5919580122252299961, guid: c59609570b2f0ec4a9ed6f1df9b414f4,
        type: 3}
      propertyPath: m_LocalRotation.y
      value: 0
      objectReference: {fileID: 0}
    - target: {fileID: 5919580122252299961, guid: c59609570b2f0ec4a9ed6f1df9b414f4,
        type: 3}
      propertyPath: m_LocalRotation.z
      value: 0
      objectReference: {fileID: 0}
    - target: {fileID: 5919580122252299961, guid: c59609570b2f0ec4a9ed6f1df9b414f4,
        type: 3}
      propertyPath: m_LocalRotation.w
      value: 1
      objectReference: {fileID: 0}
    - target: {fileID: 5919580122252299961, guid: c59609570b2f0ec4a9ed6f1df9b414f4,
        type: 3}
      propertyPath: m_RootOrder
      value: 3
      objectReference: {fileID: 0}
    - target: {fileID: 5919580122252299961, guid: c59609570b2f0ec4a9ed6f1df9b414f4,
        type: 3}
      propertyPath: m_LocalEulerAnglesHint.x
      value: 0
      objectReference: {fileID: 0}
    - target: {fileID: 5919580122252299961, guid: c59609570b2f0ec4a9ed6f1df9b414f4,
        type: 3}
      propertyPath: m_LocalEulerAnglesHint.y
      value: 0
      objectReference: {fileID: 0}
    - target: {fileID: 5919580122252299961, guid: c59609570b2f0ec4a9ed6f1df9b414f4,
        type: 3}
      propertyPath: m_LocalEulerAnglesHint.z
      value: 0
      objectReference: {fileID: 0}
    m_RemovedComponents: []
  m_SourcePrefab: {fileID: 100100000, guid: c59609570b2f0ec4a9ed6f1df9b414f4, type: 3}
--- !u!4 &6486214870407005590 stripped
Transform:
  m_CorrespondingSourceObject: {fileID: 5919580122252299961, guid: c59609570b2f0ec4a9ed6f1df9b414f4,
    type: 3}
  m_PrefabInstance: {fileID: 586937780118522671}
  m_PrefabAsset: {fileID: 0}
--- !u!1001 &3710150568224846829
PrefabInstance:
  m_ObjectHideFlags: 0
  serializedVersion: 2
  m_Modification:
    m_TransformParent: {fileID: 756910749238265308}
    m_Modifications:
    - target: {fileID: 6164763171119671904, guid: c59609570b2f0ec4a9ed6f1df9b414f4,
        type: 3}
      propertyPath: m_Name
      value: Brick (2)
      objectReference: {fileID: 0}
    - target: {fileID: 5919580122252299961, guid: c59609570b2f0ec4a9ed6f1df9b414f4,
        type: 3}
      propertyPath: m_LocalPosition.x
      value: 2
      objectReference: {fileID: 0}
    - target: {fileID: 5919580122252299961, guid: c59609570b2f0ec4a9ed6f1df9b414f4,
        type: 3}
      propertyPath: m_LocalPosition.y
      value: 0
      objectReference: {fileID: 0}
    - target: {fileID: 5919580122252299961, guid: c59609570b2f0ec4a9ed6f1df9b414f4,
        type: 3}
      propertyPath: m_LocalPosition.z
      value: 0
      objectReference: {fileID: 0}
    - target: {fileID: 5919580122252299961, guid: c59609570b2f0ec4a9ed6f1df9b414f4,
        type: 3}
      propertyPath: m_LocalRotation.x
      value: 0
      objectReference: {fileID: 0}
    - target: {fileID: 5919580122252299961, guid: c59609570b2f0ec4a9ed6f1df9b414f4,
        type: 3}
      propertyPath: m_LocalRotation.y
      value: 0
      objectReference: {fileID: 0}
    - target: {fileID: 5919580122252299961, guid: c59609570b2f0ec4a9ed6f1df9b414f4,
        type: 3}
      propertyPath: m_LocalRotation.z
      value: 0
      objectReference: {fileID: 0}
    - target: {fileID: 5919580122252299961, guid: c59609570b2f0ec4a9ed6f1df9b414f4,
        type: 3}
      propertyPath: m_LocalRotation.w
      value: 1
      objectReference: {fileID: 0}
    - target: {fileID: 5919580122252299961, guid: c59609570b2f0ec4a9ed6f1df9b414f4,
        type: 3}
      propertyPath: m_RootOrder
      value: 2
      objectReference: {fileID: 0}
    - target: {fileID: 5919580122252299961, guid: c59609570b2f0ec4a9ed6f1df9b414f4,
        type: 3}
      propertyPath: m_LocalEulerAnglesHint.x
      value: 0
      objectReference: {fileID: 0}
    - target: {fileID: 5919580122252299961, guid: c59609570b2f0ec4a9ed6f1df9b414f4,
        type: 3}
      propertyPath: m_LocalEulerAnglesHint.y
      value: 0
      objectReference: {fileID: 0}
    - target: {fileID: 5919580122252299961, guid: c59609570b2f0ec4a9ed6f1df9b414f4,
        type: 3}
      propertyPath: m_LocalEulerAnglesHint.z
      value: 0
      objectReference: {fileID: 0}
    m_RemovedComponents: []
  m_SourcePrefab: {fileID: 100100000, guid: c59609570b2f0ec4a9ed6f1df9b414f4, type: 3}
--- !u!4 &7015350974538497364 stripped
Transform:
  m_CorrespondingSourceObject: {fileID: 5919580122252299961, guid: c59609570b2f0ec4a9ed6f1df9b414f4,
    type: 3}
  m_PrefabInstance: {fileID: 3710150568224846829}
  m_PrefabAsset: {fileID: 0}
--- !u!1001 &7099386115018430192
PrefabInstance:
  m_ObjectHideFlags: 0
  serializedVersion: 2
  m_Modification:
    m_TransformParent: {fileID: 756910749238265308}
    m_Modifications:
    - target: {fileID: 6164763171119671904, guid: c59609570b2f0ec4a9ed6f1df9b414f4,
        type: 3}
      propertyPath: m_Name
      value: Brick (1)
      objectReference: {fileID: 0}
    - target: {fileID: 5919580122252299961, guid: c59609570b2f0ec4a9ed6f1df9b414f4,
        type: 3}
      propertyPath: m_LocalPosition.x
      value: 1
      objectReference: {fileID: 0}
    - target: {fileID: 5919580122252299961, guid: c59609570b2f0ec4a9ed6f1df9b414f4,
        type: 3}
      propertyPath: m_LocalPosition.y
      value: 0
      objectReference: {fileID: 0}
    - target: {fileID: 5919580122252299961, guid: c59609570b2f0ec4a9ed6f1df9b414f4,
        type: 3}
      propertyPath: m_LocalPosition.z
      value: 0
      objectReference: {fileID: 0}
    - target: {fileID: 5919580122252299961, guid: c59609570b2f0ec4a9ed6f1df9b414f4,
        type: 3}
      propertyPath: m_LocalRotation.x
      value: 0
      objectReference: {fileID: 0}
    - target: {fileID: 5919580122252299961, guid: c59609570b2f0ec4a9ed6f1df9b414f4,
        type: 3}
      propertyPath: m_LocalRotation.y
      value: 0
      objectReference: {fileID: 0}
    - target: {fileID: 5919580122252299961, guid: c59609570b2f0ec4a9ed6f1df9b414f4,
        type: 3}
      propertyPath: m_LocalRotation.z
      value: 0
      objectReference: {fileID: 0}
    - target: {fileID: 5919580122252299961, guid: c59609570b2f0ec4a9ed6f1df9b414f4,
        type: 3}
      propertyPath: m_LocalRotation.w
      value: 1
      objectReference: {fileID: 0}
    - target: {fileID: 5919580122252299961, guid: c59609570b2f0ec4a9ed6f1df9b414f4,
        type: 3}
      propertyPath: m_RootOrder
      value: 1
      objectReference: {fileID: 0}
    - target: {fileID: 5919580122252299961, guid: c59609570b2f0ec4a9ed6f1df9b414f4,
        type: 3}
      propertyPath: m_LocalEulerAnglesHint.x
      value: 0
      objectReference: {fileID: 0}
    - target: {fileID: 5919580122252299961, guid: c59609570b2f0ec4a9ed6f1df9b414f4,
        type: 3}
      propertyPath: m_LocalEulerAnglesHint.y
      value: 0
      objectReference: {fileID: 0}
    - target: {fileID: 5919580122252299961, guid: c59609570b2f0ec4a9ed6f1df9b414f4,
        type: 3}
      propertyPath: m_LocalEulerAnglesHint.z
      value: 0
      objectReference: {fileID: 0}
    m_RemovedComponents: []
  m_SourcePrefab: {fileID: 100100000, guid: c59609570b2f0ec4a9ed6f1df9b414f4, type: 3}
--- !u!4 &3503946524810565705 stripped
Transform:
  m_CorrespondingSourceObject: {fileID: 5919580122252299961, guid: c59609570b2f0ec4a9ed6f1df9b414f4,
    type: 3}
  m_PrefabInstance: {fileID: 7099386115018430192}
  m_PrefabAsset: {fileID: 0}
--- !u!1001 &9218643013587315424
PrefabInstance:
  m_ObjectHideFlags: 0
  serializedVersion: 2
  m_Modification:
    m_TransformParent: {fileID: 756910749238265308}
    m_Modifications:
    - target: {fileID: 6164763171119671904, guid: c59609570b2f0ec4a9ed6f1df9b414f4,
        type: 3}
      propertyPath: m_Name
      value: Brick
      objectReference: {fileID: 0}
    - target: {fileID: 5919580122252299961, guid: c59609570b2f0ec4a9ed6f1df9b414f4,
        type: 3}
      propertyPath: m_LocalPosition.x
      value: 0
      objectReference: {fileID: 0}
    - target: {fileID: 5919580122252299961, guid: c59609570b2f0ec4a9ed6f1df9b414f4,
        type: 3}
      propertyPath: m_LocalPosition.y
      value: 0
      objectReference: {fileID: 0}
    - target: {fileID: 5919580122252299961, guid: c59609570b2f0ec4a9ed6f1df9b414f4,
        type: 3}
      propertyPath: m_LocalPosition.z
      value: 0
      objectReference: {fileID: 0}
    - target: {fileID: 5919580122252299961, guid: c59609570b2f0ec4a9ed6f1df9b414f4,
        type: 3}
      propertyPath: m_LocalRotation.x
      value: 0
      objectReference: {fileID: 0}
    - target: {fileID: 5919580122252299961, guid: c59609570b2f0ec4a9ed6f1df9b414f4,
        type: 3}
      propertyPath: m_LocalRotation.y
      value: 0
      objectReference: {fileID: 0}
    - target: {fileID: 5919580122252299961, guid: c59609570b2f0ec4a9ed6f1df9b414f4,
        type: 3}
      propertyPath: m_LocalRotation.z
      value: 0
      objectReference: {fileID: 0}
    - target: {fileID: 5919580122252299961, guid: c59609570b2f0ec4a9ed6f1df9b414f4,
        type: 3}
      propertyPath: m_LocalRotation.w
      value: 1
      objectReference: {fileID: 0}
    - target: {fileID: 5919580122252299961, guid: c59609570b2f0ec4a9ed6f1df9b414f4,
        type: 3}
      propertyPath: m_RootOrder
      value: 0
      objectReference: {fileID: 0}
    - target: {fileID: 5919580122252299961, guid: c59609570b2f0ec4a9ed6f1df9b414f4,
        type: 3}
      propertyPath: m_LocalEulerAnglesHint.x
      value: 0
      objectReference: {fileID: 0}
    - target: {fileID: 5919580122252299961, guid: c59609570b2f0ec4a9ed6f1df9b414f4,
        type: 3}
      propertyPath: m_LocalEulerAnglesHint.y
      value: 0
      objectReference: {fileID: 0}
    - target: {fileID: 5919580122252299961, guid: c59609570b2f0ec4a9ed6f1df9b414f4,
        type: 3}
      propertyPath: m_LocalEulerAnglesHint.z
      value: 0
      objectReference: {fileID: 0}
    m_RemovedComponents: []
  m_SourcePrefab: {fileID: 100100000, guid: c59609570b2f0ec4a9ed6f1df9b414f4, type: 3}
--- !u!4 &3299344366523245657 stripped
Transform:
  m_CorrespondingSourceObject: {fileID: 5919580122252299961, guid: c59609570b2f0ec4a9ed6f1df9b414f4,
    type: 3}
  m_PrefabInstance: {fileID: 9218643013587315424}
  m_PrefabAsset: {fileID: 0}
