%YAML 1.1
%TAG !u! tag:unity3d.com,2011:
--- !u!1 &4061064126581533496
GameObject:
  m_ObjectHideFlags: 0
  m_CorrespondingSourceObject: {fileID: 0}
  m_PrefabInstance: {fileID: 0}
  m_PrefabAsset: {fileID: 0}
  serializedVersion: 6
  m_Component:
  - component: {fileID: 4353204172055400998}
  m_Layer: 0
  m_Name: Line
  m_TagString: Untagged
  m_Icon: {fileID: 0}
  m_NavMeshLayer: 0
  m_StaticEditorFlags: 0
  m_IsActive: 1
--- !u!4 &4353204172055400998
Transform:
  m_ObjectHideFlags: 0
  m_CorrespondingSourceObject: {fileID: 0}
  m_PrefabInstance: {fileID: 0}
  m_PrefabAsset: {fileID: 0}
  m_GameObject: {fileID: 4061064126581533496}
  m_LocalRotation: {x: 0, y: 0, z: 0, w: 1}
  m_LocalPosition: {x: 1594.4196, y: 726.1755, z: 510.64578}
  m_LocalScale: {x: 1, y: 1, z: 1}
  m_Children:
  - {fileID: 3014041525069428128}
  - {fileID: 1327257804010020231}
  - {fileID: 8553794139842468016}
  - {fileID: 4130899321253454531}
  - {fileID: 4292183548684351016}
  - {fileID: 5073733985373466201}
  - {fileID: 405753392907628773}
  - {fileID: 1929507124108198630}
  - {fileID: 2246473660322897532}
  - {fileID: 6296577506632246361}
  m_Father: {fileID: 0}
  m_RootOrder: 0
  m_LocalEulerAnglesHint: {x: 0, y: 0, z: 0}
--- !u!1001 &380410285661907680
PrefabInstance:
  m_ObjectHideFlags: 0
  serializedVersion: 2
  m_Modification:
    m_TransformParent: {fileID: 4353204172055400998}
    m_Modifications:
    - target: {fileID: 6164763171119671904, guid: c59609570b2f0ec4a9ed6f1df9b414f4,
        type: 3}
      propertyPath: m_Name
      value: Brick (9)
      objectReference: {fileID: 0}
    - target: {fileID: 5919580122252299961, guid: c59609570b2f0ec4a9ed6f1df9b414f4,
        type: 3}
      propertyPath: m_LocalPosition.x
      value: 9
      objectReference: {fileID: 0}
    - target: {fileID: 5919580122252299961, guid: c59609570b2f0ec4a9ed6f1df9b414f4,
        type: 3}
      propertyPath: m_LocalPosition.y
      value: 0
      objectReference: {fileID: 0}
    - target: {fileID: 5919580122252299961, guid: c59609570b2f0ec4a9ed6f1df9b414f4,
        type: 3}
      propertyPath: m_LocalPosition.z
      value: 0
      objectReference: {fileID: 0}
    - target: {fileID: 5919580122252299961, guid: c59609570b2f0ec4a9ed6f1df9b414f4,
        type: 3}
      propertyPath: m_LocalRotation.x
      value: 0
      objectReference: {fileID: 0}
    - target: {fileID: 5919580122252299961, guid: c59609570b2f0ec4a9ed6f1df9b414f4,
        type: 3}
      propertyPath: m_LocalRotation.y
      value: 0
      objectReference: {fileID: 0}
    - target: {fileID: 5919580122252299961, guid: c59609570b2f0ec4a9ed6f1df9b414f4,
        type: 3}
      propertyPath: m_LocalRotation.z
      value: 0
      objectReference: {fileID: 0}
    - target: {fileID: 5919580122252299961, guid: c59609570b2f0ec4a9ed6f1df9b414f4,
        type: 3}
      propertyPath: m_LocalRotation.w
      value: 1
      objectReference: {fileID: 0}
    - target: {fileID: 5919580122252299961, guid: c59609570b2f0ec4a9ed6f1df9b414f4,
        type: 3}
      propertyPath: m_RootOrder
      value: 9
      objectReference: {fileID: 0}
    - target: {fileID: 5919580122252299961, guid: c59609570b2f0ec4a9ed6f1df9b414f4,
        type: 3}
      propertyPath: m_LocalEulerAnglesHint.x
      value: 0
      objectReference: {fileID: 0}
    - target: {fileID: 5919580122252299961, guid: c59609570b2f0ec4a9ed6f1df9b414f4,
        type: 3}
      propertyPath: m_LocalEulerAnglesHint.y
      value: 0
      objectReference: {fileID: 0}
    - target: {fileID: 5919580122252299961, guid: c59609570b2f0ec4a9ed6f1df9b414f4,
        type: 3}
      propertyPath: m_LocalEulerAnglesHint.z
      value: 0
      objectReference: {fileID: 0}
    m_RemovedComponents: []
  m_SourcePrefab: {fileID: 100100000, guid: c59609570b2f0ec4a9ed6f1df9b414f4, type: 3}
--- !u!4 &6296577506632246361 stripped
Transform:
  m_CorrespondingSourceObject: {fileID: 5919580122252299961, guid: c59609570b2f0ec4a9ed6f1df9b414f4,
    type: 3}
  m_PrefabInstance: {fileID: 380410285661907680}
  m_PrefabAsset: {fileID: 0}
--- !u!1001 &1463411423019065568
PrefabInstance:
  m_ObjectHideFlags: 0
  serializedVersion: 2
  m_Modification:
    m_TransformParent: {fileID: 4353204172055400998}
    m_Modifications:
    - target: {fileID: 6164763171119671904, guid: c59609570b2f0ec4a9ed6f1df9b414f4,
        type: 3}
      propertyPath: m_Name
      value: Brick (5)
      objectReference: {fileID: 0}
    - target: {fileID: 5919580122252299961, guid: c59609570b2f0ec4a9ed6f1df9b414f4,
        type: 3}
      propertyPath: m_LocalPosition.x
      value: 5
      objectReference: {fileID: 0}
    - target: {fileID: 5919580122252299961, guid: c59609570b2f0ec4a9ed6f1df9b414f4,
        type: 3}
      propertyPath: m_LocalPosition.y
      value: 0
      objectReference: {fileID: 0}
    - target: {fileID: 5919580122252299961, guid: c59609570b2f0ec4a9ed6f1df9b414f4,
        type: 3}
      propertyPath: m_LocalPosition.z
      value: 0
      objectReference: {fileID: 0}
    - target: {fileID: 5919580122252299961, guid: c59609570b2f0ec4a9ed6f1df9b414f4,
        type: 3}
      propertyPath: m_LocalRotation.x
      value: 0
      objectReference: {fileID: 0}
    - target: {fileID: 5919580122252299961, guid: c59609570b2f0ec4a9ed6f1df9b414f4,
        type: 3}
      propertyPath: m_LocalRotation.y
      value: 0
      objectReference: {fileID: 0}
    - target: {fileID: 5919580122252299961, guid: c59609570b2f0ec4a9ed6f1df9b414f4,
        type: 3}
      propertyPath: m_LocalRotation.z
      value: 0
      objectReference: {fileID: 0}
    - target: {fileID: 5919580122252299961, guid: c59609570b2f0ec4a9ed6f1df9b414f4,
        type: 3}
      propertyPath: m_LocalRotation.w
      value: 1
      objectReference: {fileID: 0}
    - target: {fileID: 5919580122252299961, guid: c59609570b2f0ec4a9ed6f1df9b414f4,
        type: 3}
      propertyPath: m_RootOrder
      value: 5
      objectReference: {fileID: 0}
    - target: {fileID: 5919580122252299961, guid: c59609570b2f0ec4a9ed6f1df9b414f4,
        type: 3}
      propertyPath: m_LocalEulerAnglesHint.x
      value: 0
      objectReference: {fileID: 0}
    - target: {fileID: 5919580122252299961, guid: c59609570b2f0ec4a9ed6f1df9b414f4,
        type: 3}
      propertyPath: m_LocalEulerAnglesHint.y
      value: 0
      objectReference: {fileID: 0}
    - target: {fileID: 5919580122252299961, guid: c59609570b2f0ec4a9ed6f1df9b414f4,
        type: 3}
      propertyPath: m_LocalEulerAnglesHint.z
      value: 0
      objectReference: {fileID: 0}
    m_RemovedComponents: []
  m_SourcePrefab: {fileID: 100100000, guid: c59609570b2f0ec4a9ed6f1df9b414f4, type: 3}
--- !u!4 &5073733985373466201 stripped
Transform:
  m_CorrespondingSourceObject: {fileID: 5919580122252299961, guid: c59609570b2f0ec4a9ed6f1df9b414f4,
    type: 3}
  m_PrefabInstance: {fileID: 1463411423019065568}
  m_PrefabAsset: {fileID: 0}
--- !u!1001 &2635657676502013449
PrefabInstance:
  m_ObjectHideFlags: 0
  serializedVersion: 2
  m_Modification:
    m_TransformParent: {fileID: 4353204172055400998}
    m_Modifications:
    - target: {fileID: 6164763171119671904, guid: c59609570b2f0ec4a9ed6f1df9b414f4,
        type: 3}
      propertyPath: m_Name
      value: Brick (2)
      objectReference: {fileID: 0}
    - target: {fileID: 5919580122252299961, guid: c59609570b2f0ec4a9ed6f1df9b414f4,
        type: 3}
      propertyPath: m_LocalPosition.x
      value: 2
      objectReference: {fileID: 0}
    - target: {fileID: 5919580122252299961, guid: c59609570b2f0ec4a9ed6f1df9b414f4,
        type: 3}
      propertyPath: m_LocalPosition.y
      value: 0
      objectReference: {fileID: 0}
    - target: {fileID: 5919580122252299961, guid: c59609570b2f0ec4a9ed6f1df9b414f4,
        type: 3}
      propertyPath: m_LocalPosition.z
      value: 0
      objectReference: {fileID: 0}
    - target: {fileID: 5919580122252299961, guid: c59609570b2f0ec4a9ed6f1df9b414f4,
        type: 3}
      propertyPath: m_LocalRotation.x
      value: 0
      objectReference: {fileID: 0}
    - target: {fileID: 5919580122252299961, guid: c59609570b2f0ec4a9ed6f1df9b414f4,
        type: 3}
      propertyPath: m_LocalRotation.y
      value: 0
      objectReference: {fileID: 0}
    - target: {fileID: 5919580122252299961, guid: c59609570b2f0ec4a9ed6f1df9b414f4,
        type: 3}
      propertyPath: m_LocalRotation.z
      value: 0
      objectReference: {fileID: 0}
    - target: {fileID: 5919580122252299961, guid: c59609570b2f0ec4a9ed6f1df9b414f4,
        type: 3}
      propertyPath: m_LocalRotation.w
      value: 1
      objectReference: {fileID: 0}
    - target: {fileID: 5919580122252299961, guid: c59609570b2f0ec4a9ed6f1df9b414f4,
        type: 3}
      propertyPath: m_RootOrder
      value: 2
      objectReference: {fileID: 0}
    - target: {fileID: 5919580122252299961, guid: c59609570b2f0ec4a9ed6f1df9b414f4,
        type: 3}
      propertyPath: m_LocalEulerAnglesHint.x
      value: 0
      objectReference: {fileID: 0}
    - target: {fileID: 5919580122252299961, guid: c59609570b2f0ec4a9ed6f1df9b414f4,
        type: 3}
      propertyPath: m_LocalEulerAnglesHint.y
      value: 0
      objectReference: {fileID: 0}
    - target: {fileID: 5919580122252299961, guid: c59609570b2f0ec4a9ed6f1df9b414f4,
        type: 3}
      propertyPath: m_LocalEulerAnglesHint.z
      value: 0
      objectReference: {fileID: 0}
    m_RemovedComponents: []
  m_SourcePrefab: {fileID: 100100000, guid: c59609570b2f0ec4a9ed6f1df9b414f4, type: 3}
--- !u!4 &8553794139842468016 stripped
Transform:
  m_CorrespondingSourceObject: {fileID: 5919580122252299961, guid: c59609570b2f0ec4a9ed6f1df9b414f4,
    type: 3}
  m_PrefabInstance: {fileID: 2635657676502013449}
  m_PrefabAsset: {fileID: 0}
--- !u!1001 &4633587408698217278
PrefabInstance:
  m_ObjectHideFlags: 0
  serializedVersion: 2
  m_Modification:
    m_TransformParent: {fileID: 4353204172055400998}
    m_Modifications:
    - target: {fileID: 6164763171119671904, guid: c59609570b2f0ec4a9ed6f1df9b414f4,
        type: 3}
      propertyPath: m_Name
      value: Brick (1)
      objectReference: {fileID: 0}
    - target: {fileID: 5919580122252299961, guid: c59609570b2f0ec4a9ed6f1df9b414f4,
        type: 3}
      propertyPath: m_LocalPosition.x
      value: 1
      objectReference: {fileID: 0}
    - target: {fileID: 5919580122252299961, guid: c59609570b2f0ec4a9ed6f1df9b414f4,
        type: 3}
      propertyPath: m_LocalPosition.y
      value: 0
      objectReference: {fileID: 0}
    - target: {fileID: 5919580122252299961, guid: c59609570b2f0ec4a9ed6f1df9b414f4,
        type: 3}
      propertyPath: m_LocalPosition.z
      value: 0
      objectReference: {fileID: 0}
    - target: {fileID: 5919580122252299961, guid: c59609570b2f0ec4a9ed6f1df9b414f4,
        type: 3}
      propertyPath: m_LocalRotation.x
      value: 0
      objectReference: {fileID: 0}
    - target: {fileID: 5919580122252299961, guid: c59609570b2f0ec4a9ed6f1df9b414f4,
        type: 3}
      propertyPath: m_LocalRotation.y
      value: 0
      objectReference: {fileID: 0}
    - target: {fileID: 5919580122252299961, guid: c59609570b2f0ec4a9ed6f1df9b414f4,
        type: 3}
      propertyPath: m_LocalRotation.z
      value: 0
      objectReference: {fileID: 0}
    - target: {fileID: 5919580122252299961, guid: c59609570b2f0ec4a9ed6f1df9b414f4,
        type: 3}
      propertyPath: m_LocalRotation.w
      value: 1
      objectReference: {fileID: 0}
    - target: {fileID: 5919580122252299961, guid: c59609570b2f0ec4a9ed6f1df9b414f4,
        type: 3}
      propertyPath: m_RootOrder
      value: 1
      objectReference: {fileID: 0}
    - target: {fileID: 5919580122252299961, guid: c59609570b2f0ec4a9ed6f1df9b414f4,
        type: 3}
      propertyPath: m_LocalEulerAnglesHint.x
      value: 0
      objectReference: {fileID: 0}
    - target: {fileID: 5919580122252299961, guid: c59609570b2f0ec4a9ed6f1df9b414f4,
        type: 3}
      propertyPath: m_LocalEulerAnglesHint.y
      value: 0
      objectReference: {fileID: 0}
    - target: {fileID: 5919580122252299961, guid: c59609570b2f0ec4a9ed6f1df9b414f4,
        type: 3}
      propertyPath: m_LocalEulerAnglesHint.z
      value: 0
      objectReference: {fileID: 0}
    m_RemovedComponents: []
  m_SourcePrefab: {fileID: 100100000, guid: c59609570b2f0ec4a9ed6f1df9b414f4, type: 3}
--- !u!4 &1327257804010020231 stripped
Transform:
  m_CorrespondingSourceObject: {fileID: 5919580122252299961, guid: c59609570b2f0ec4a9ed6f1df9b414f4,
    type: 3}
  m_PrefabInstance: {fileID: 4633587408698217278}
  m_PrefabAsset: {fileID: 0}
--- !u!1001 &5251318402278083679
PrefabInstance:
  m_ObjectHideFlags: 0
  serializedVersion: 2
  m_Modification:
    m_TransformParent: {fileID: 4353204172055400998}
    m_Modifications:
    - target: {fileID: 6164763171119671904, guid: c59609570b2f0ec4a9ed6f1df9b414f4,
        type: 3}
      propertyPath: m_Name
      value: Brick (7)
      objectReference: {fileID: 0}
    - target: {fileID: 5919580122252299961, guid: c59609570b2f0ec4a9ed6f1df9b414f4,
        type: 3}
      propertyPath: m_LocalPosition.x
      value: 7
      objectReference: {fileID: 0}
    - target: {fileID: 5919580122252299961, guid: c59609570b2f0ec4a9ed6f1df9b414f4,
        type: 3}
      propertyPath: m_LocalPosition.y
      value: 0
      objectReference: {fileID: 0}
    - target: {fileID: 5919580122252299961, guid: c59609570b2f0ec4a9ed6f1df9b414f4,
        type: 3}
      propertyPath: m_LocalPosition.z
      value: 0
      objectReference: {fileID: 0}
    - target: {fileID: 5919580122252299961, guid: c59609570b2f0ec4a9ed6f1df9b414f4,
        type: 3}
      propertyPath: m_LocalRotation.x
      value: 0
      objectReference: {fileID: 0}
    - target: {fileID: 5919580122252299961, guid: c59609570b2f0ec4a9ed6f1df9b414f4,
        type: 3}
      propertyPath: m_LocalRotation.y
      value: 0
      objectReference: {fileID: 0}
    - target: {fileID: 5919580122252299961, guid: c59609570b2f0ec4a9ed6f1df9b414f4,
        type: 3}
      propertyPath: m_LocalRotation.z
      value: 0
      objectReference: {fileID: 0}
    - target: {fileID: 5919580122252299961, guid: c59609570b2f0ec4a9ed6f1df9b414f4,
        type: 3}
      propertyPath: m_LocalRotation.w
      value: 1
      objectReference: {fileID: 0}
    - target: {fileID: 5919580122252299961, guid: c59609570b2f0ec4a9ed6f1df9b414f4,
        type: 3}
      propertyPath: m_RootOrder
      value: 7
      objectReference: {fileID: 0}
    - target: {fileID: 5919580122252299961, guid: c59609570b2f0ec4a9ed6f1df9b414f4,
        type: 3}
      propertyPath: m_LocalEulerAnglesHint.x
      value: 0
      objectReference: {fileID: 0}
    - target: {fileID: 5919580122252299961, guid: c59609570b2f0ec4a9ed6f1df9b414f4,
        type: 3}
      propertyPath: m_LocalEulerAnglesHint.y
      value: 0
      objectReference: {fileID: 0}
    - target: {fileID: 5919580122252299961, guid: c59609570b2f0ec4a9ed6f1df9b414f4,
        type: 3}
      propertyPath: m_LocalEulerAnglesHint.z
      value: 0
      objectReference: {fileID: 0}
    m_RemovedComponents: []
  m_SourcePrefab: {fileID: 100100000, guid: c59609570b2f0ec4a9ed6f1df9b414f4, type: 3}
--- !u!4 &1929507124108198630 stripped
Transform:
  m_CorrespondingSourceObject: {fileID: 5919580122252299961, guid: c59609570b2f0ec4a9ed6f1df9b414f4,
    type: 3}
  m_PrefabInstance: {fileID: 5251318402278083679}
  m_PrefabAsset: {fileID: 0}
--- !u!1001 &5551672967192023237
PrefabInstance:
  m_ObjectHideFlags: 0
  serializedVersion: 2
  m_Modification:
    m_TransformParent: {fileID: 4353204172055400998}
    m_Modifications:
    - target: {fileID: 6164763171119671904, guid: c59609570b2f0ec4a9ed6f1df9b414f4,
        type: 3}
      propertyPath: m_Name
      value: Brick (8)
      objectReference: {fileID: 0}
    - target: {fileID: 5919580122252299961, guid: c59609570b2f0ec4a9ed6f1df9b414f4,
        type: 3}
      propertyPath: m_LocalPosition.x
      value: 8
      objectReference: {fileID: 0}
    - target: {fileID: 5919580122252299961, guid: c59609570b2f0ec4a9ed6f1df9b414f4,
        type: 3}
      propertyPath: m_LocalPosition.y
      value: 0
      objectReference: {fileID: 0}
    - target: {fileID: 5919580122252299961, guid: c59609570b2f0ec4a9ed6f1df9b414f4,
        type: 3}
      propertyPath: m_LocalPosition.z
      value: 0
      objectReference: {fileID: 0}
    - target: {fileID: 5919580122252299961, guid: c59609570b2f0ec4a9ed6f1df9b414f4,
        type: 3}
      propertyPath: m_LocalRotation.x
      value: 0
      objectReference: {fileID: 0}
    - target: {fileID: 5919580122252299961, guid: c59609570b2f0ec4a9ed6f1df9b414f4,
        type: 3}
      propertyPath: m_LocalRotation.y
      value: 0
      objectReference: {fileID: 0}
    - target: {fileID: 5919580122252299961, guid: c59609570b2f0ec4a9ed6f1df9b414f4,
        type: 3}
      propertyPath: m_LocalRotation.z
      value: 0
      objectReference: {fileID: 0}
    - target: {fileID: 5919580122252299961, guid: c59609570b2f0ec4a9ed6f1df9b414f4,
        type: 3}
      propertyPath: m_LocalRotation.w
      value: 1
      objectReference: {fileID: 0}
    - target: {fileID: 5919580122252299961, guid: c59609570b2f0ec4a9ed6f1df9b414f4,
        type: 3}
      propertyPath: m_RootOrder
      value: 8
      objectReference: {fileID: 0}
    - target: {fileID: 5919580122252299961, guid: c59609570b2f0ec4a9ed6f1df9b414f4,
        type: 3}
      propertyPath: m_LocalEulerAnglesHint.x
      value: 0
      objectReference: {fileID: 0}
    - target: {fileID: 5919580122252299961, guid: c59609570b2f0ec4a9ed6f1df9b414f4,
        type: 3}
      propertyPath: m_LocalEulerAnglesHint.y
      value: 0
      objectReference: {fileID: 0}
    - target: {fileID: 5919580122252299961, guid: c59609570b2f0ec4a9ed6f1df9b414f4,
        type: 3}
      propertyPath: m_LocalEulerAnglesHint.z
      value: 0
      objectReference: {fileID: 0}
    m_RemovedComponents: []
  m_SourcePrefab: {fileID: 100100000, guid: c59609570b2f0ec4a9ed6f1df9b414f4, type: 3}
--- !u!4 &2246473660322897532 stripped
Transform:
  m_CorrespondingSourceObject: {fileID: 5919580122252299961, guid: c59609570b2f0ec4a9ed6f1df9b414f4,
    type: 3}
  m_PrefabInstance: {fileID: 5551672967192023237}
  m_PrefabAsset: {fileID: 0}
--- !u!1001 &6307032126867177052
PrefabInstance:
  m_ObjectHideFlags: 0
  serializedVersion: 2
  m_Modification:
    m_TransformParent: {fileID: 4353204172055400998}
    m_Modifications:
    - target: {fileID: 6164763171119671904, guid: c59609570b2f0ec4a9ed6f1df9b414f4,
        type: 3}
      propertyPath: m_Name
      value: Brick (6)
      objectReference: {fileID: 0}
    - target: {fileID: 5919580122252299961, guid: c59609570b2f0ec4a9ed6f1df9b414f4,
        type: 3}
      propertyPath: m_LocalPosition.x
      value: 6
      objectReference: {fileID: 0}
    - target: {fileID: 5919580122252299961, guid: c59609570b2f0ec4a9ed6f1df9b414f4,
        type: 3}
      propertyPath: m_LocalPosition.y
      value: 0
      objectReference: {fileID: 0}
    - target: {fileID: 5919580122252299961, guid: c59609570b2f0ec4a9ed6f1df9b414f4,
        type: 3}
      propertyPath: m_LocalPosition.z
      value: 0
      objectReference: {fileID: 0}
    - target: {fileID: 5919580122252299961, guid: c59609570b2f0ec4a9ed6f1df9b414f4,
        type: 3}
      propertyPath: m_LocalRotation.x
      value: 0
      objectReference: {fileID: 0}
    - target: {fileID: 5919580122252299961, guid: c59609570b2f0ec4a9ed6f1df9b414f4,
        type: 3}
      propertyPath: m_LocalRotation.y
      value: 0
      objectReference: {fileID: 0}
    - target: {fileID: 5919580122252299961, guid: c59609570b2f0ec4a9ed6f1df9b414f4,
        type: 3}
      propertyPath: m_LocalRotation.z
      value: 0
      objectReference: {fileID: 0}
    - target: {fileID: 5919580122252299961, guid: c59609570b2f0ec4a9ed6f1df9b414f4,
        type: 3}
      propertyPath: m_LocalRotation.w
      value: 1
      objectReference: {fileID: 0}
    - target: {fileID: 5919580122252299961, guid: c59609570b2f0ec4a9ed6f1df9b414f4,
        type: 3}
      propertyPath: m_RootOrder
      value: 6
      objectReference: {fileID: 0}
    - target: {fileID: 5919580122252299961, guid: c59609570b2f0ec4a9ed6f1df9b414f4,
        type: 3}
      propertyPath: m_LocalEulerAnglesHint.x
      value: 0
      objectReference: {fileID: 0}
    - target: {fileID: 5919580122252299961, guid: c59609570b2f0ec4a9ed6f1df9b414f4,
        type: 3}
      propertyPath: m_LocalEulerAnglesHint.y
      value: 0
      objectReference: {fileID: 0}
    - target: {fileID: 5919580122252299961, guid: c59609570b2f0ec4a9ed6f1df9b414f4,
        type: 3}
      propertyPath: m_LocalEulerAnglesHint.z
      value: 0
      objectReference: {fileID: 0}
    m_RemovedComponents: []
  m_SourcePrefab: {fileID: 100100000, guid: c59609570b2f0ec4a9ed6f1df9b414f4, type: 3}
--- !u!4 &405753392907628773 stripped
Transform:
  m_CorrespondingSourceObject: {fileID: 5919580122252299961, guid: c59609570b2f0ec4a9ed6f1df9b414f4,
    type: 3}
  m_PrefabInstance: {fileID: 6307032126867177052}
  m_PrefabAsset: {fileID: 0}
--- !u!1001 &7617404395299600529
PrefabInstance:
  m_ObjectHideFlags: 0
  serializedVersion: 2
  m_Modification:
    m_TransformParent: {fileID: 4353204172055400998}
    m_Modifications:
    - target: {fileID: 6164763171119671904, guid: c59609570b2f0ec4a9ed6f1df9b414f4,
        type: 3}
      propertyPath: m_Name
      value: Brick (4)
      objectReference: {fileID: 0}
    - target: {fileID: 5919580122252299961, guid: c59609570b2f0ec4a9ed6f1df9b414f4,
        type: 3}
      propertyPath: m_LocalPosition.x
      value: 4
      objectReference: {fileID: 0}
    - target: {fileID: 5919580122252299961, guid: c59609570b2f0ec4a9ed6f1df9b414f4,
        type: 3}
      propertyPath: m_LocalPosition.y
      value: 0
      objectReference: {fileID: 0}
    - target: {fileID: 5919580122252299961, guid: c59609570b2f0ec4a9ed6f1df9b414f4,
        type: 3}
      propertyPath: m_LocalPosition.z
      value: 0
      objectReference: {fileID: 0}
    - target: {fileID: 5919580122252299961, guid: c59609570b2f0ec4a9ed6f1df9b414f4,
        type: 3}
      propertyPath: m_LocalRotation.x
      value: 0
      objectReference: {fileID: 0}
    - target: {fileID: 5919580122252299961, guid: c59609570b2f0ec4a9ed6f1df9b414f4,
        type: 3}
      propertyPath: m_LocalRotation.y
      value: 0
      objectReference: {fileID: 0}
    - target: {fileID: 5919580122252299961, guid: c59609570b2f0ec4a9ed6f1df9b414f4,
        type: 3}
      propertyPath: m_LocalRotation.z
      value: 0
      objectReference: {fileID: 0}
    - target: {fileID: 5919580122252299961, guid: c59609570b2f0ec4a9ed6f1df9b414f4,
        type: 3}
      propertyPath: m_LocalRotation.w
      value: 1
      objectReference: {fileID: 0}
    - target: {fileID: 5919580122252299961, guid: c59609570b2f0ec4a9ed6f1df9b414f4,
        type: 3}
      propertyPath: m_RootOrder
      value: 4
      objectReference: {fileID: 0}
    - target: {fileID: 5919580122252299961, guid: c59609570b2f0ec4a9ed6f1df9b414f4,
        type: 3}
      propertyPath: m_LocalEulerAnglesHint.x
      value: 0
      objectReference: {fileID: 0}
    - target: {fileID: 5919580122252299961, guid: c59609570b2f0ec4a9ed6f1df9b414f4,
        type: 3}
      propertyPath: m_LocalEulerAnglesHint.y
      value: 0
      objectReference: {fileID: 0}
    - target: {fileID: 5919580122252299961, guid: c59609570b2f0ec4a9ed6f1df9b414f4,
        type: 3}
      propertyPath: m_LocalEulerAnglesHint.z
      value: 0
      objectReference: {fileID: 0}
    m_RemovedComponents: []
  m_SourcePrefab: {fileID: 100100000, guid: c59609570b2f0ec4a9ed6f1df9b414f4, type: 3}
--- !u!4 &4292183548684351016 stripped
Transform:
  m_CorrespondingSourceObject: {fileID: 5919580122252299961, guid: c59609570b2f0ec4a9ed6f1df9b414f4,
    type: 3}
  m_PrefabInstance: {fileID: 7617404395299600529}
  m_PrefabAsset: {fileID: 0}
--- !u!1001 &7743224643979914362
PrefabInstance:
  m_ObjectHideFlags: 0
  serializedVersion: 2
  m_Modification:
    m_TransformParent: {fileID: 4353204172055400998}
    m_Modifications:
    - target: {fileID: 6164763171119671904, guid: c59609570b2f0ec4a9ed6f1df9b414f4,
        type: 3}
      propertyPath: m_Name
      value: Brick (3)
      objectReference: {fileID: 0}
    - target: {fileID: 5919580122252299961, guid: c59609570b2f0ec4a9ed6f1df9b414f4,
        type: 3}
      propertyPath: m_LocalPosition.x
      value: 3
      objectReference: {fileID: 0}
    - target: {fileID: 5919580122252299961, guid: c59609570b2f0ec4a9ed6f1df9b414f4,
        type: 3}
      propertyPath: m_LocalPosition.y
      value: 0
      objectReference: {fileID: 0}
    - target: {fileID: 5919580122252299961, guid: c59609570b2f0ec4a9ed6f1df9b414f4,
        type: 3}
      propertyPath: m_LocalPosition.z
      value: 0
      objectReference: {fileID: 0}
    - target: {fileID: 5919580122252299961, guid: c59609570b2f0ec4a9ed6f1df9b414f4,
        type: 3}
      propertyPath: m_LocalRotation.x
      value: 0
      objectReference: {fileID: 0}
    - target: {fileID: 5919580122252299961, guid: c59609570b2f0ec4a9ed6f1df9b414f4,
        type: 3}
      propertyPath: m_LocalRotation.y
      value: 0
      objectReference: {fileID: 0}
    - target: {fileID: 5919580122252299961, guid: c59609570b2f0ec4a9ed6f1df9b414f4,
        type: 3}
      propertyPath: m_LocalRotation.z
      value: 0
      objectReference: {fileID: 0}
    - target: {fileID: 5919580122252299961, guid: c59609570b2f0ec4a9ed6f1df9b414f4,
        type: 3}
      propertyPath: m_LocalRotation.w
      value: 1
      objectReference: {fileID: 0}
    - target: {fileID: 5919580122252299961, guid: c59609570b2f0ec4a9ed6f1df9b414f4,
        type: 3}
      propertyPath: m_RootOrder
      value: 3
      objectReference: {fileID: 0}
    - target: {fileID: 5919580122252299961, guid: c59609570b2f0ec4a9ed6f1df9b414f4,
        type: 3}
      propertyPath: m_LocalEulerAnglesHint.x
      value: 0
      objectReference: {fileID: 0}
    - target: {fileID: 5919580122252299961, guid: c59609570b2f0ec4a9ed6f1df9b414f4,
        type: 3}
      propertyPath: m_LocalEulerAnglesHint.y
      value: 0
      objectReference: {fileID: 0}
    - target: {fileID: 5919580122252299961, guid: c59609570b2f0ec4a9ed6f1df9b414f4,
        type: 3}
      propertyPath: m_LocalEulerAnglesHint.z
      value: 0
      objectReference: {fileID: 0}
    m_RemovedComponents: []
  m_SourcePrefab: {fileID: 100100000, guid: c59609570b2f0ec4a9ed6f1df9b414f4, type: 3}
--- !u!4 &4130899321253454531 stripped
Transform:
  m_CorrespondingSourceObject: {fileID: 5919580122252299961, guid: c59609570b2f0ec4a9ed6f1df9b414f4,
    type: 3}
  m_PrefabInstance: {fileID: 7743224643979914362}
  m_PrefabAsset: {fileID: 0}
--- !u!1001 &8931363800192776985
PrefabInstance:
  m_ObjectHideFlags: 0
  serializedVersion: 2
  m_Modification:
    m_TransformParent: {fileID: 4353204172055400998}
    m_Modifications:
    - target: {fileID: 6164763171119671904, guid: c59609570b2f0ec4a9ed6f1df9b414f4,
        type: 3}
      propertyPath: m_Name
      value: Brick
      objectReference: {fileID: 0}
    - target: {fileID: 5919580122252299961, guid: c59609570b2f0ec4a9ed6f1df9b414f4,
        type: 3}
      propertyPath: m_LocalPosition.x
      value: 0
      objectReference: {fileID: 0}
    - target: {fileID: 5919580122252299961, guid: c59609570b2f0ec4a9ed6f1df9b414f4,
        type: 3}
      propertyPath: m_LocalPosition.y
      value: 0
      objectReference: {fileID: 0}
    - target: {fileID: 5919580122252299961, guid: c59609570b2f0ec4a9ed6f1df9b414f4,
        type: 3}
      propertyPath: m_LocalPosition.z
      value: 0
      objectReference: {fileID: 0}
    - target: {fileID: 5919580122252299961, guid: c59609570b2f0ec4a9ed6f1df9b414f4,
        type: 3}
      propertyPath: m_LocalRotation.x
      value: 0
      objectReference: {fileID: 0}
    - target: {fileID: 5919580122252299961, guid: c59609570b2f0ec4a9ed6f1df9b414f4,
        type: 3}
      propertyPath: m_LocalRotation.y
      value: 0
      objectReference: {fileID: 0}
    - target: {fileID: 5919580122252299961, guid: c59609570b2f0ec4a9ed6f1df9b414f4,
        type: 3}
      propertyPath: m_LocalRotation.z
      value: 0
      objectReference: {fileID: 0}
    - target: {fileID: 5919580122252299961, guid: c59609570b2f0ec4a9ed6f1df9b414f4,
        type: 3}
      propertyPath: m_LocalRotation.w
      value: 1
      objectReference: {fileID: 0}
    - target: {fileID: 5919580122252299961, guid: c59609570b2f0ec4a9ed6f1df9b414f4,
        type: 3}
      propertyPath: m_RootOrder
      value: 0
      objectReference: {fileID: 0}
    - target: {fileID: 5919580122252299961, guid: c59609570b2f0ec4a9ed6f1df9b414f4,
        type: 3}
      propertyPath: m_LocalEulerAnglesHint.x
      value: 0
      objectReference: {fileID: 0}
    - target: {fileID: 5919580122252299961, guid: c59609570b2f0ec4a9ed6f1df9b414f4,
        type: 3}
      propertyPath: m_LocalEulerAnglesHint.y
      value: 0
      objectReference: {fileID: 0}
    - target: {fileID: 5919580122252299961, guid: c59609570b2f0ec4a9ed6f1df9b414f4,
        type: 3}
      propertyPath: m_LocalEulerAnglesHint.z
      value: 0
      objectReference: {fileID: 0}
    m_RemovedComponents: []
  m_SourcePrefab: {fileID: 100100000, guid: c59609570b2f0ec4a9ed6f1df9b414f4, type: 3}
--- !u!4 &3014041525069428128 stripped
Transform:
  m_CorrespondingSourceObject: {fileID: 5919580122252299961, guid: c59609570b2f0ec4a9ed6f1df9b414f4,
    type: 3}
  m_PrefabInstance: {fileID: 8931363800192776985}
  m_PrefabAsset: {fileID: 0}
